2992 4946
534 311 602 392 Pag
626 309 773 377 56-67,
1175 303 1217 374 67

263 531 267 539 ,
294 481 394 543 sonad·
423 483 461 542 ad
488 481 642 546 MariniV.
668 477 1228 582 Proclip.125,necsiperronalic

294 559 469 626 constructio
497 567 702 626 adiectivorum
732 561 880 638 devoror,
904 555 1079 638 Ιιῖὄιὶιιιιτος,
1100 557 1216 648 ριἱδιος,

293 647 421 730 χαλιιιις
450 651 537 712 ve'rba
571 653 662 710 activa
695 651 811 711 retineri
848 649 1026 728 patiebatur,
1061 623 1217 724 quidquam

294 754 398 796 causae
418 744 495 814 erat,
517 742 693 815 quapropter
713 735 783 794 baec
807 731 1002 810 accusativos,
1025 751 1098 810 quoa
1120 751 1216 792 secum
1264 743 1266 746 '

291 821 444 899 haberent,
479 822 689 900 praedicativos
716 820 902 884 ιιιιίἰιιιιιιι.κ
960 818 1051 886 Quam
1080 819 1217 876 rationem

238 945 243 952 -
294 905 397 966 nullam
427 925 491 966 esse
518 911 648 984 apparet.
698 905 803 982 Neque,
829 904 903 964 enim
932 904 1049 980 siquid
1077 901 1217 962 eiusmodi

293 997 354 1065 est,
383 997 416 1050 ut
440 991 508 1051 nihil
530 1009 632 1050 causae
652 989 741 1050 luisse
761 990 921 1065 videatur,
933 1007 982 1046 cnr
1009 987 1064 1045 dici
1085 1005 1142 1044 uon
1163 1007 1218 1066 po·
1270 991 1277 998 “

187 1145 190 1150 ,
294 1075 396 1150 tuerit,
423 1076 489 1134 ideo
522 1083 552 1134 et
580 1075 709 1154 potuisse
738 1075 794 1134 dici
825 1079 856 1132 et
882 1091 915 1132 re
934 1091 1004 1130 vera
1026 1073 1132 1130 dictum
1153 1089 1219 1130 esse

295 1160 477 1220 statuendum
507 1166 568 1234 est,
596 1179 688 1236 neque
715 1179 784 1220 vero
815 1159 898 1218 deest
925 1175 1029 1232 causa,
1057 1175 1146 1232 quare
1167 1157 1218 1214 tali

293 1245 453 1326 accusativo
476 1243 556 1304 locus
574 1263 631 1304 uon
652 1253 739 1305 esset
771 1235 935 1319 Ἀδῦνιιιις
956 1240 1106 1300 dicebatur
1118 1240 1220 1316 facul

294 1330 364 1386 totis
385 1348 499 1406 expers,
529 1330 608 1391 cuius
631 1329 775 1392 facultatis
795 1328 876 1388 notio
898 1328 924 1384 si
944 1325 1031 1384 verbo
1051 1325 1145 1383 activo
1167 1325 1219 1382 de-

293 1412 461 1488 finiebatur,
474 1421 699 1480 consentaneum
714 1419 776 1472 erat
792 1419 823 1474 ut
840 1410 1131 1476 actionissnbiectum
1144 1409 1218 1467 idem

295 1497 364 1556 illud
392 1502 487 1572 esset,
516 1500 593 1575 quod
619 1498 754 1558 facultate
780 1501 914 1557 careret.
942 1495 1041 1572 Itaque
1070 1487 1221 1567 ἀδύνατος

295 1585 411 1644 παῦσαι
437 1584 553 1661 proprie
580 1589 610 1642 et
630 1585 752 1662 primum
779 1582 926 1642 dicebatur
936 1579 1062 1657 finiendi
1074 1578 1219 1656 facultate

295 1686 403 1726 carens.
446 1667 479 1724 Si
497 1687 566 1726 vero
584 1669 705 1728 facultas
719 1687 754 1728 ea
766 1665 963 1744 cogitabatur,
986 1683 1060 1742 quae
1077 1665 1219 1742 recipien-

293 1753 329 1810 tis
352 1771 403 1810 seu
424 1753 558 1829 patientis
580 1758 674 1828 esset,
703 1758 846 1815 ettamen
867 1750 983 1814 uaniora
1004 1743 1155 1822 ἀδύνατος
1175 1751 1220 1806 di·

295 1837 427 1908 uebatur,
458 1837 579 1897 actionis
607 1795 817 1912 sigriilicatione
845 1841 955 1900 remota
975 1835 1043 1894 nibil
1064 1836 1119 1892 uisi
1111 1835 1220 1910 finem

294 1921 412 1996 cogitari
429 1939 547 1980 necesse
564 1929 640 1997 erat,
658 1921 738 1980 cuius
753 1921 877 1980 notiora
890 1916 1001 1982 παύειν
1013 1919 1119 1978 eadem
1133 1924 1220 1994 atque
1289 1945 1293 1952 Α

294 2007 323 2064 in
345 2001 502 2068 παύεσθαι
523 2006 608 2070 inest.
650 2005 849 2081 Recteigitur
870 2004 1078 2076 accusativum,
1105 2003 1154 2078 qui
1180 2003 1219 2060 ad

294 2097 428 2166 agentem
449 2090 570 2168 aliquem
591 2089 758 2164 referendus
779 2094 874 2164 esset,
901 2109 962 2148 oum
991 2087 1131 2146 eiusmodi
1156 2087 1220 2144 infi-

294 2176 384 2234 nitivo
402 2195 460 2234 non
481 2176 686 2236 coniunxerunt
703 2175 819 2238 Graeci.
873 2171 940 2234 Non
961 2175 1051 2249 magis
1072 2170 1221 2252 plausibile
1300 2231 1304 2238 ,

295 2261 408 2323 videtur
428 2260 505 2337 qnod
522 2260 597 2318 idem
611 2262 653 2326 ,vir
673 2261 774 2320 doctus
794 2261 830 2320 de
851 2259 969 2336 vulgata
987 2258 1128 2337 scriptura
1146 2257 1222 2314 iudi·

298 2351 359 2414 cat,
388 2362 445 2421 qua
475 2350 563 2420 negat
596 2363 657 2404 eam
690 2345 890 2403 necessitatem
920 2342 1074 2418 decimari,
1108 2341 1220 2420 qualem

212 2477 214 2480 .
296 2428 377 2487 Plato
391 2429 602 2507 proposuerit,
613 2430 691 2488 ouius
705 2430 824 2490 maxime
840 2429 987 2508 proprium
1002 2427 1059 2488 boc
1071 2427 1125 2503 sit,
1143 2427 1222 2506 quod

295 2532 313 2571 a
333 2513 409 2572 nulla
429 2514 750 2593 conditionependeat,
776 2515 830 2574 red
850 2521 952 2593 suapte
971 2519 1072 2574 ιιιιιιιι
1090 2513 1171 2572 firma
1192 2519 1223 2571 et

295 2598 444 2658 immobilia
464 2604 585 2660 constet.
626 2599 709 2660 Plato
736 2600 809 2660 enim
836 2599 1059 2660 necessariarum
1080 2599 1221 2678 cupidita-

297 2685 434 2752 tum,duo·
446 2703 553 2761 genera
566 2685 687 2758 statuit,
699 2703 801 2760 naum,
821 2702 893 2762 quas
908 2690 1038 2746 avertere
1052 2703 1108 2743 non
1125 2683 1221 2763 possi-

298 2789 378 2842 mus,
398 2768 536 2846 altarum,
559 2786 634 2845 quae
655 2771 679 2828 ri
701 2769 884 2849 expleantur,
912 2789 965 2830 nos
986 2769 1097 2844 invent,
1116 2769 1221 2848 priori-

288 2853 407 2932 -busqne
426 2856 546 2932 opponit
563 2873 629 2930 eas,
648 2873 720 2932 quas
737 2855 919 2933 exuerequis
934 2855 1045 2932 possit,
1064 2855 1089 2913 si
1104 2872 1221 2932 operam

298 2940 347 2999 det
365 2957 383 2996 a
403 2940 528 3013 teneris,
551 2939 776 3018 posterioribus,
806 2957 879 3016 quae
900 2939 1058 2998 insidentes
1078 2938 1154 2996 nulla
1175 2957 1222 2995 ra·

296 3025 375 3085 tione
386 3022 492 3084 bonum
502 3023 633 3099 afferant,
643 3024 911 3088 immocontrarinm
922 3022 1087 3092 nonnullae.
1109 3021 1223 3080 Deinde

298 3107 427 3188 exemplo
445 3125 506 3170 rem
520 3107 663 3179 illustrans
676 3107 732 3170 cibi
751 3109 933 3188 cupiditatem
946 3114 1068 3186 utraque
1084 3107 1121 3168 de
1137 3123 1223 3169 causa

299 3195 490 3254 necessariam
510 3211 574 3254 ease
596 3195 696 3270 docet,
718 3196 785 3272 quia
799 3200 829 3254 et
845 3193 922 3258 utilis
939 3194 985 3264 rit¹
997 3200 1027 3254 et
1043 3194 1119 3252 vitae
1136 3192 1222 3252 finem

298 3279 401 3341 afferre
427 3280 528 3358 possit.
579 3280 686 3349 Horum
707 3281 736 3338 in
757 3279 848 3344 altaro
870 3284 1006 3358 apparet,
1029 3277 1119 3356 qualis
1140 3279 1222 3356 cupi-

299 3365 375 3424 ditas
399 3365 438 3422 sit
464 3383 548 3442 quam
573 3370 714 3436 auertere⁴
729 3382 787 3423 non
811 3365 963 3443 possimus.
1012 3363 1129 3422 Conari·
1146 3363 1223 3422 enim

299 3447 452 3528 possumus
470 3456 500 3508 et
518 3449 591 3508 banc
612 3455 643 3510 et
663 3450 788 3527 reliquas
809 3451 985 3516 necessarias
1004 3454 1151 3520 avertere,
1172 3467 1223 3506 ve-

297 3553 362 3594 rum
390 3553 461 3608 non
477 3534 562 3596 aliter
588 3535 642 3594 nisi
668 3541 700 3594 nt
720 3535 902 3600 intereamus.
945 3535 1028 3604 Quae
1047 3534 1134 3610 igitur
1155 3534 1221 3594 talis
1305 3532 1306 3536 ’

299 3639 363 3681 ease
384 3621 499 3695 dicitur,
520 3620 591 3700 quid
611 3619 686 3680 aliud
704 3639 788 3700 qnam
808 3621 897 3682 averti
910 3639 1007 3726 porse
1029 3616 1170 3724 negaturi
1222 3647 1226 3656 .

299 3707 427 3766 interr.
456 3665 499 3769 15'
522 3713 551 3765 et
569 3702 620 3774 14
647 3708 709 3768 al.
738 3709 864 3768 inseras:
893 3696 1057 3786 ω’φιιιιιν)
1074 3697 1221 3784 ω’φελιιι

300 3789 366 3850 Ριι.
387 3790 424 3852 A.
445 3789 503 3851 Dii.
523 3809 596 3864 am.
616 3810 661 3890 pr.
1225 3824 1230 3839 ·

267 3917 272 3922 '
300 3907 338 3972 12
363 3925 388 3972 ι.
408 3909 427 3964 A
449 3913 518 3986 post
539 3887 694 3972 Par.'A.'
687 3925 810 3970 inserar:
832 3906 878 3987 (ol
899 3907 928 3967 ln
952 3905 1036 3968 litum
1054 3906 1127 3988 Du.)

300 3993 375 4051 inter
395 4011 421 4050 v.
443 3995 482 4058 12
504 4000 534 4050 et
557 3995 595 4057 11
616 4013 633 4054 a
654 3993 675 4052 f.
697 3993 826 4054 inseras:
849 3988 1035 4074 ἐδεσμάτων)
1056 3990 1136 4054 Inter
1156 3991 1170 4056 ἒ
1194 3996 1222 4053 et

302 4078 320 4136 d
341 4097 396 4136 una
417 4077 512 4137 littera
531 4077 625 4137 deleta
646 4081 738 4138 estin
761 4079 826 4139 Par.
847 4078 884 4143 A.
902 4079 956 4140 Dll.

301 4179 339 4240 11
363 4169 420 4238 ι1.
443 4176 695 4260 poatrfinserast
712 4177 776 4246 Par.
797 4179 832 4238 A.
851 4179 908 4240 Da.
1006 4249 1009 4259 1

90 4281 165 4373 Pa'g.
184 4299 237 4378 67,
256 4297 286 4373 b,
301 4315 366 4375 pen.
386 4304 454 4376 post
474 4297 543 4360 Par.
564 4297 600 4362 A.
621 4299 744 4360 inseras:
765 4273 843 4378 (ciam
863 4325 883 4362 ιι
904 4316 990 4378 super
1010 4297 1025 4361 1
1046 4305 1075 4416 et
1094 4315 1223 4381 seraper

195 4432 197 4445 .
301 4381 369 4444 rab
391 4384 493 4454 eadem
511 4401 596 4445 manu
610 4381 688 4463 aa.)
755 4443 759 4450 ,

978 4477 1020 4544 5ss
