2992 4946
532 303 604 388 Peg}
627 313 772 376 68--91-
1182 308 1225 382 69

86 483 159 560 Pag.
179 487 232 561 89,
254 485 283 560 h,
297 488 317 548 ’2
340 484 447 542 addas:
471 477 622 554 Σνανεστός
642 481 671 538 iu
689 470 784 543 Dione
805 478 981 541 Caniniam
1002 477 1038 541 R.
1059 477 1223 555 Stephanus
1305 535 1308 543 ,

297 569 388 629 edidit
408 565 444 626 L
464 565 635 632 xxxvntt.
658 587 686 642 p.
709 564 818 642 sato.
846 583 900 631 nec
921 564 1002 629 aliter
1021 563 1171 621 Bekkerus
1192 583 1221 638 p.

286 650 408 766 .188,4.
431 651 510 730 (ο.5
514 649 565 733 ..§
581 651 627 728 2.)
649 649 782 711 Ceterum
798 650 834 708 ci.
849 643 977 711 Lobeck
991 647 1101 712 Pathol.
1119 646 1184 705 Vol.
1200 646 1221 706 l.

297 779 337 886 ah
359 828 427 900 post
448 815 540 900 a'el)
533 839 658 883 inseras:
686 838 748 883 aum
770 843 782 884 r
804 819 877 883 inter
898 811 919 880 ά
942 823 972 878 et
993 838 1007 890 s
1027 819 1220 898 superscripto

295 905 360 966 Par
384 908 418 967 t.
440 905 498 966 Da.
692 929 695 934 ·

88 990 160 1068 Pag.
181 995 232 1068 91,
251 989 337 1065 b,10
360 991 465 1051 addas:
496 991 673 1066 Quamquam
702 982 855 1068 sacristae
882 977 1010 1068 βοτάνη.
1029 987 1116 1046 dictio
1145 987 1220 1044 eius·

295 1076 372 1134 modi
395 1081 454 1147 est,
484 1082 515 1134 ut
537 1081 566 1134 et
588 1077 652 1153 ipsa
672 1095 705 1135 ex
725 1093 857 1137 sermone
877 1073 986 1156 uulgari
1010 1073 1132 1150 repetita
1155 1091 1220 1130 esse

292 1161 435 1230 videatur3
465 1161 513 1236 qui
539 1161 564 1218 si
594 1161 669 1218 bona
697 1159 814 1221 aliorum
836 1158 933 1218 labore
956 1163 1038 1235 parta
1058 1157 1168 1232 ignavis
1191 1164 1221 1219 et

293 1245 392 1321 falcem
420 1244 447 1301 in
475 1245 597 1302 alienam
617 1264 739 1302 messem
761 1243 976 1305 immittentibus
994 1243 1030 1314 ad
1051 1260 1219 1299 consumeu-
1267 1299 1272 1310 .

293 1331 358 1388 dum
385 1330 535 1410 proposita
559 1329 611 1387 hac
635 1327 824 1426 appellatione
851 1326 1048 1404 significabat,
1074 1326 1220 1406 aptissime

266 1415 428 1486 ,Socrates
453 1433 515 1472 eam
536 1415 572 1474 ad
595 1413 647 1471 hos
655 1433 762 1490 ‚quos
790 1415 851 1492 ipse
880 1411 962 1470 husos
983 1411 1110 1485 dixerat,
1133 1411 1219 1475 etad

292 1499 395 1557 divites
420 1497 485 1558 illos
510 1498 634 1559 adhibet.
676 1497 825 1558 Posterior
852 1503 933 1556 aetas
955 1495 990 1555 ab
1012 1496 1123 1558 actione
1146 1495 1220 1553 civili

292 1585 328 1642 ad
351 1581 445 1641 studia
466 1583 621 1644 litterarum
643 1583 783 1646 translato
805 1582 943 1644 vocabulo
966 1599 1026 1652 eos,
1050 1581 1098 1658 qui
1118 1579 1184 1638 ab'
1176 1598 1220 1638 rn-

291 1667 375 1744 geuio
399 1673 427 1725 et
448 1667 484 1725 ah
506 1674 567 1726 arte
582 1667 719 1726 destituti
739 1674 855 1727 strenue
882 1665 984 1726 litteris
1009 1683 1128 1744 operam
1150 1666 1219 1724 dare

290 1771 343 1809 nec
361 1758 481 1829 possent
502 1771 555 1811 nec
577 1753 682 1812 vellent
704 1759 733 1810 et
755 1759 852 1811 tamen
871 1751 991 1811 lectione
1012 1745 1058 1810 vel
1075 1749 1220 1810 auditione

292 1835 427 1894 delectari
451 1838 623 1914 scriptisque
644 1837 690 1895 vel
709 1837 924 1896 recitationibus
940 1836 1053 1913 placere
1069 1841 1219 1914 cuperent,

291 1927 412 2001 propter
439 1941 535 1979 eorum
564 1920 727 1980 futilitatem
753 1927 783 1979 et
802 1923 947 1980 levitatem
966 1935 984 1977 a
1006 1919 1104 1978 labore
1124 1926 1153 1977 et
1173 1921 1218 1977 iu-

290 2007 399 2066 dustria
424 2005 623 2064 abhorrentem
650 2012 679 2064 et
707 2005 777 2066 nihil
804 2007 857 2064 nisi
889 2004 1003 2066 delicias
1031 2008 1218 2081 aucupantem

175 2124 177 2130 ν
289 2091 433 2169 κηφῆνας
458 2091 593 2166 vocabat,
616 2097 644 2149 et
665 2090 764 2149 horum
782 2109 899 2169 qnoque
915 2083 1067 2168 κηφήνων
1082 2083 1218 2168 βοτάνην

288 2177 448 2253 quandam,
476 2177 619 2235 diversam
647 2175 755 2236 scilicet
784 2196 801 2234 a
829 2175 996 2248 Socratica,
1026 2173 1079 2234 aed
1105 2174 1173 2233 item
1200 2193 1218 2232 a

289 2260 416 2337 vulgari
438 2261 491 2319 nisi
514 2261 611 2334 fallor,
638 2280 770 2319 sermone
791 2262 883 2338 petita
904 2260 1029 2320 dictione
1049 2258 1217 2318 Plutarchus

287 2351 488 2406 commemorat
507 2344 581 2404 Mor.
604 2366 633 2422 p.
651 2344 702 2411 41.
720 2361 765 2421 sq.
785 2345 830 2404 uhi
852 2364 951 2420 verum
970 2345 1115 2407 instruens
1135 2345 1217 2406 audi·

289 2435 380 2491 torem
414 2448 484 2508 apes
515 2431 620 2493 imitari
656 2430 734 2502 iubet
768 2449 827 2500 non
855 2427 1059 2510 pulcherrimos
1086 2447 1217 2507 quosque

287 2517 388 2612 liores,
422 2516 474 2574 sed
492 2509 655 2586 utilitatem
689 2520 718 2574 ct
750 2515 805 2576 mel
836 2515 1028 2619 praebituros
1056 2521 1216 2622 sectantcsr

288 2589 366 2660 orico>
375 2594 421 2701 δὴ
445 2595 541 2660 dri
509 2622 564 2661 τον
585 2596 763 2680 φιλότεχνον
782 2597 835 2662 καλ
853 2594 1028 2704 aodupov’
1008 2624 1162 2682 ααροατην
1179 2597 1216 2662 τά

288 2680 343 2762 μὲν
365 2675 488 2790 άνθηηά
509 2683 561 2752 acl
575 2681 728 2794 sposprprl
727 2689 787 2748 coir
802 2678 999 2768 ὀνομάτων
978 2684 1034 2750 ,καλ
1047 2690 1109 2749 τοῖν
1123 2709 1217 2768 πραμ-

260 2763 393 2846 ,μάτων
422 2765 458 2830 τά
482 2767 650 2872 ,δραματτνά
680 2769 733 2833 aul
748 2767 950 2872 πανημνροτά
978 2766 1129 2876 νημηνων
1163 2774 1216 2851 βο-

284 2848 382 2933 τάνην
414 2851 644 2931 σοφιστιώντων
678 2848 852 2936 aporiaretur
885 2856 956 2940 ἐᾷν,
991 2849 1086 2920 aricio
1113 2853 1146 2920 dt
1175 2879 1214 2964 op

287 2958 421 3044 πηοσοχη
449 2934 673 3018 καταδυόμενον
700 2941 743 3013 εἰς
770 2937 821 3010 τὸν
850 2943 927 3005 vorin
956 2945 1010 3009 τοῦ
1039 2935 1132 3046 λόγον
1162 2940 1215 3002 aul

287 3021 344 3102 τήν
365 3020 508 3088 διάθεσιν
528 3027 584 3088 τοῦ
611 3025 750 3105 λέγοντος
772 3020 909 3091 λλκετν’
889 3017 947 3100 arr'
968 3015 1063 3104 αάτης
1084 3049 1117 3087 το
1140 3049 1215 3105 χρη-

288 3128 377 3214 orpora
394 3108 444 3169 aul
465 3101 636 3214 ω’φλλητον,
658 3108 867 3189 perrumpitur,
886 3105 985 3186 ὦς’
948 3131 1006 3174 oua
1027 3111 1069 3184 εἰς
1083 3109 1214 3188 θέατρον

286 3189 359 3256 ouidi
378 3185 503 3300 piretro,
528 3188 593 3258 o’rt’
605 3196 649 3268 alc
663 3193 773 3274 σχολην
786 3194 839 3259 aot
858 3189 1108 3270 ὃτὸαοκαλεῑον’
1088 3201 1215 3274 spinter

286 3283 328 3362 epi
355 3277 436 3361 λόγῳ
463 3275 518 3342 τὸν
545 3280 615 3358 βίον
640 3277 941 3360 ἐπανορθωσόμενος
985 3282 1047 3343 lloc
1071 3281 1214 3340 Plutarchi

284 3365 351 3422 loco
370 3365 407 3422 ad
430 3365 624 3442 explicandum
644 3365 737 3428 locum
757 3365 967 3429 Dioscuridis
959 3386 988 3428 ro
1011 3367 1214 3443 epigrammate

286 3449 322 3508 ah
345 3446 492 3508 Athenaeo
514 3447 550 3510 L.
572 3447 623 3509 Vl.
641 3471 670 3527 p.
693 3449 765 3517 241.
789 3471 832 3528 sq.
853 3437 944 3510 relato
964 3452 1007 3515 usi
1027 3450 1213 3510 Casauhonus

286 3539 314 3592 et
334 3533 479 3592 lacobsiua
501 3532 653 3598 Animadv.
676 3535 704 3593 iu
728 3535 819 3615 epigr.
841 3535 955 3617 Anthpl.
969 3535 1034 3599 Vol.
1049 3537 1074 3594 I.
1090 3534 1159 3596 Part
1176 3537 1213 3596 ll.

285 3639 314 3698 p·
336 3618 408 3683 400.
430 3638 475 3695 sq.
503 3618 649 3699 αηφῆνας
675 3621 854 3701 interpretati
886 3627 953 3685 sunt
972 3623 1148 3700 plagiarios,
1177 3622 1214 3690 de

286 3703 388 3780 quibus
407 3701 574 3764 Plutarchus
597 3707 642 3765 vix
661 3709 756 3785 potuit
769 3708 898 3784 cogitare
914 3727 1007 3785 neque
1024 3726 1073 3766 cur
1089 3707 1212 3765 Diosco-
1277 3771 1282 3779 ,

284 3789 374 3849 sidem
394 3790 538 3865 cogitasse
560 3794 732 3864 statuamus,
754 3793 825 3859 satis
847 3810 967 3870 caussae
991 3792 1110 3854 videtur.
1155 3793 1212 3864 Qui

283 3880 436 3952 postquam
454 3872 603 3935 Machonis
623 3877 723 3936 comici
743 3878 847 3955 poetae
871 3876 982 3939 ossibus
1003 3876 1135 3937 iniectam
1151 3883 1211 3937 ter-

285 3977 346 4017 ram
368 3958 393 4014 ei
411 3957 501 4017 levem
525 3977 589 4019 esse
608 3967 637 4019 et
658 3963 749 4019 vivam
764 3963 839 4020 serre
856 3961 990 4036 hederam
1003 3961 1097 4034 iussit,
1119 3961 1210 4019 altero

284 4041 441 4113 ostiolo
433 4062 572 4105 russorum
599 4047 738 4109 rationem
763 4047 859 4116 reddit
880 4046 965 4111 hauc:
990 4039 1035 4112 Ori
1056 4041 1113 4151 yrip
1136 4043 1210 4124 ἔχεις

284 4127 412 4208 κηφῆνα
438 4128 663 4208 παλίμπλυτον,
691 4124 768 4192 άλλά
791 4154 820 4192 τι
840 4117 944 4211 τέχνης
955 4127 1062 4208 ”Atreo
1084 4125 1211 4211 άοχαλης

285 4215 434 4290 λείψανον
468 4213 631 4293 η’μφλεσας.
662 4216 779 4292 eiusque
813 4220 974 4285 sententiae
1006 4235 1075 4277 suae
1104 4221 1208 4283 testem

284 4300 416 4360 deinde
409 4319 503 4379 iprum
520 4301 589 4362 citat
608 4301 739 4380 poetam,
761 4302 810 4378 qai
830 4303 885 4365 hoc
905 4302 1033 4372 dicturus
1055 4306 1084 4358 et
1109 4303 1208 4380 operi-

283 4384 337 4442 bus
371 4385 429 4445 suis
461 4387 706 4447 demonstraturus
732 4391 818 4463 atque
848 4393 880 4460 pt
904 4387 1015 4466 posteri
1049 4385 1208 4466 intelligant
