2992 4946
538 307 609 386 Pag.
628 303 821 372 337-363.
1204 303 1246 368 61

323 475 470 538 contendit
484 476 601 546 Quaest.
624 495 670 552 ep.
689 495 717 553 p.
741 471 813 538 116.
855 471 931 533 Νοοι
955 473 1065 534 etiamsi
1089 477 1248 549 negetura

324 560 529 621 Choerobosco
561 560 696 637 scripturn
729 577 794 616 esse
828 556 1070 638 τριακονταέτους
1103 557 1160 636 (sic
1184 559 1248 636 ipsc

215 657 226 668 “
323 646 471 722 scripsisse
492 663 557 702 enm
574 644 702 720 coniicit)
729 649 824 701 tamen
850 643 899 700 illo
917 639 1145 721 τριακονταὲτης
1164 664 1249 722 τρια-

322 725 484 792 κονταέτοιι
507 728 561 786 lroc
584 733 692 786 tantum
713 727 809 786 dicere
834 745 898 786 curn
919 727 1059 802 voluisse,
1082 745 1143 786 curn
1165 728 1248 786 ieni-

322 809 1248 976 tlntttttrittltsszltntltarietilli·

322 979 492 1044 κονταέτοιι.
518 979 644 1050 Nescio,
660 997 716 1056 qua
735 984 831 1038 mente
846 979 915 1038 illud
928 980 1118 1040 Buttmannns
1133 981 1246 1056 dixerit,

325 1068 377 1126 sed
390 1085 426 1125 ne
439 1067 480 1123 sic
491 1065 605 1142 quidem
615 1070 695 1122 recte
709 1081 773 1122 euru
786 1063 891 1122 dixisse
900 1064 1033 1124 arbitror.
1053 1065 1158 1122 Errare
1172 1063 1249 1122 Attia

324 1169 374 1209 cos
390 1151 474 1208 docet
491 1148 708 1207 Choeroboscus
723 1148 843 1224 primunr
860 1148 889 1206 in
900 1153 1018 1208 accentu
1034 1153 1063 1205 et
1075 1147 1172 1226 διέτης
1187 1146 1249 1211 ssi.

325 1233 511 1313 pronuntiare
524 1237 555 1290 ut
569 1230 684 1310 οἰκέτης
693 1229 772 1305 uri„
783 1249 879 1289 errare
891 1233 1005 1292 eosdem
1020 1231 1049 1290 in
1060 1232 1248 1290 declinatione

323 1325 354 1378 et
367 1315 544 1379 dodrantem
562 1317 676 1388 dicere,
691 1335 753 1374 cunr
766 1314 890 1374 debcant
906 1317 1112 1391 δωδεκαετεῖς,
1126 1318 1249 1392 denique
1329 1363 1331 1368 .

322 1403 458 1462 feminina
472 1421 586 1478 qnoque
598 1407 629 1458 nt
647 1419 663 1457 a
681 1401 788 1476 primae
809 1399 1005 1460 declinationis
1020 1400 1181 1458 nominibus
1194 1401 1248 1457 du-

322 1505 402 1544 cere:
416 1478 516 1566 ὥσπερ
527 1509 615 1586 γαρ
596 1507 613 1546 o
602 1481 749 1561 ’πολίτης
763 1505 817 1587 spu
804 1485 953 1548 πολίτου
965 1481 1051 1546 aul
1028 1508 1049 1562 η
1064 1487 1231 1557 sciisse*
1191 1506 1248 1564 της

321 1567 554 1644 πολίτιδοςγ-
511 1563 686 1673 -οῧτως
688 1565 740 1629 soi
760 1561 821 1629 sind
839 1573 896 1630 rori
917 1567 1145 1648 τριακονταέτης
1165 1590 1249 1648 τοια-

312 1651 480 1715 “ιιοιταέτοιι
505 1653 630 1714 ποιοῦσι
656 1647 689 1714 τὸ
716 1647 855 1729 dolando
883 1676 903 1731 η
896 1649 1146 1754 ‘rpscsovcotnc
1167 1675 1248 1734 τρια-

322 1735 526 1834 ιιοιιταέτιιιος,
552 1756 615 1794 cum
641 1736 765 1795 debeant
789 1733 811 1813 ἡ
832 1733 1062 1816 τριοτοντοιετής
1088 1740 1142 1816 τῆς
1163 1760 1254 1816 τρια·

322 1807 511 1890 ιιοῖιτοιετοῦς
556 1820 634 1878 Ηιιοτ
660 1821 708 1893 qui
735 1819 875 1893 docet,
867 1839 892 1878 rs
920 1826 997 1880 certe
1020 1820 1248 1900 τριακονταέτοιι

321 1904 358 1962 ab
383 1903 485 1960 Atticis
503 1921 560 1960 non
577 1901 738 1974 abiudicat,
755 1919 849 1978 neque
869 1905 895 1961 si
907 1904 1066 2002 ‘singularis
1092 1905 1250 1964 heterocliti

321 1988 449 2065 exempla
471 1987 547 2044 nulla
567 1986 683 2057 affert,
692 1984 865 2062 singularem
888 1987 931 2046 eis
952 1987 1140 2046 heterocliton
1159 1990 1249 2048 luisse

321 2079 419 2147 negat,
436 2070 532 2129 scd'
509 2090 534 2128 sr
552 2074 718 2145 quaeratur,
741 2070 838 2146 quid
830 2089 893 2148 rpse
918 2072 955 2130 de
979 2071 1081 2131 Atticis
1104 2075 1248 2169 statuerit,

321 2155 452 2215 omnibus
479 2154 572 2212 modis
605 2158 634 2212 et
660 2155 786 2212 numeris
820 2172 871 2212 eos
905 2173 1002 2214 errare
1026 2147 1176 2231 statuisse,
1203 2159 1249 2216 sin

321 2237 491 2316 quidnobis
513 2257 548 2296 ex
568 2237 628 2296 cios
648 2236 742 2296 verbis
762 2237 949 2338 colligendum
968 2241 1021 2311 sit,
1046 2239 1248 2299 nominativum

322 2329 352 2381 et
370 2321 559 2382 accusativum
581 2319 697 2398 pluralis
718 2322 872 2380 secundnm
893 2325 1010 2420 primaru
1032 2323 1249 2384 declinationem

319 2407 441 2466 factos
434 2425 462 2464 ιο
481 2404 639 2464 Atticorum
656 2406 770 2483 scriptis
787 2407 950 2486 repperisse
969 2407 1173 2468 existimandus
1193 2416 1248 2467 est.

321 2491 455 2550 Celerum
476 2487 550 2566 Leg.
573 2488 608 2547 L.
630 2488 694 2552 Vll.
711 2509 739 2567 p
761 2492 832 2554 812.
859 2489 929 2553 ΒΕ
915 2487 1147 2592 ἑξηκοντούτης,
1169 2494 1247 2570 qnod

320 2575 469 2633 Bellerns
487 2592 522 2631 ex
543 2593 600 2632 una
612 2573 680 2634 Par.
692 2571 729 2634 A.
746 2593 838 2652 eoque
859 2583 989 2636 correcto
1008 2578 1127 2654 recepit,
1148 2595 1248 2655 quam·

320 2677 405 2734 qnam
433 2658 552 2716 etiam
544 2677 572 2715 ur
600 2658 740 2716 Vossiaoo
769 2664 880 2737 exstat,
910 2667 1007 2720 tamen
1031 2679 1130 2739 parurn
1156 2667 1247 2719 tutum

319 2742 447 2816 videtur,
475 2759 537 2800 cunr
560 2742 589 2798 in
611 2739 676 2804 Par.
704 2739 739 2800 A.
760 2740 816 2800 nu.
841 2761 917 2804 aru.
943 2763 989 2823 pr.
1013 2751 1046 2804 ut
1074 2745 1102 2804 in
1131 2745 1246 2822 reliquis

319 2827 456 2905 scriptum
483 2826 522 2884 sit
541 2819 774 2904 ἑξηκοντούτης,

7 2921 12 2970 ι
113 2911 183 2988 Pag.
191 2907 334 2990 aunan
353 2915 421 2988 post
441 2906 627 2992 ἐλέγξωσιν·
619 2927 742 2968 roseros:
762 2940 806 2954 -
819 2909 915 2984 ξ·-
907 2929 936 2968 rn
957 2909 1043 2970 litura
1062 2910 1129 2971 Par.
1144 2909 1182 2970 A
1188 2910 1246 2976 nu

319 2993 359 3055 15
381 2993 438 3052 at.
461 2994 562 3052 addas:
584 3015 620 3074 γρ
641 2985 823 3071 μεμνήσεται
842 2994 871 3052 in
886 3011 923 3056 m.
943 2993 1009 3052 Par.
1028 2993 1064 3056 A.
1085 2994 1142 3058 Du.

9 3090 11 3138 2
114 3076 186 3155 Pag.
194 3073 304 3154 stan,
321 3079 363 3140 20
383 3082 451 3155 post
472 3074 513 3138 in
533 3077 585 3138 d.'
577 3092 701 3136 inseras:
721 3075 787 3135 Par.
810 3075 844 3134 A.
864 3075 920 3140 Dii.
942 3095 1019 3138 am.
1039 3097 1085 3154 pr.

279 3161 362 3233 b,27
383 3161 487 3220 addas:
510 3154 777 3262 πιντήιιιιιτοιιτοιιι
798 3179 866 3221 am.
882 3180 927 3238 pr.
948 3159 1013 3221 l'ar.
1032 3165 1067 3223 A.
1090 3162 1144 3226 nn
1329 3213 1331 3218 ,

114 3243 186 3323 Pag.
193 3244 303 3324 sona,
317 3245 392 3303 inter
413 3265 439 3306 r.
458 3246 499 3306 10
517 3251 546 3303 et
567 3247 636 3308 11
628 3263 750 3304 roseros:
772 3243 974 3324 φιλοσοφίαν)
993 3249 1026 3306 ln
1046 3244 1112 3304 Par.
1132 3245 1168 3306 A.
1188 3243 1246 3312 Du.

320 3349 371 3390 ιο
384 3348 422 3390 m.
444 3334 501 3389 vet.
527 3349 645 3407 supero
662 3329 803 3432 scriptum
820 3336 875 3394 est.

324 3411 444 3472 interr.
462 3413 500 3474 11
525 3417 553 3470 et
577 3415 642 3478 12
634 3431 760 3472 inseras:
783 3403 851 3474 ἀλλ’
882 3409 939 3488 olo)
957 3407 1122 3476 -ol-'
1114 3431 1142 3470 ιο
1162 3410 1247 3473 litora

319 3498 385 3557 Par.
404 3495 440 3558 A.
459 3494 519 3560 Dii.
693 3529 698 3538 ·

278 3579 650 3662 ultramontanis
672 3574 848 3662 durtpyucon
871 3578 947 3644 Par.
958 3579 995 3640 A.
1013 3580 1070 3642 nu.
1089 3601 1109 3641 a
1128 3599 1166 3644 nr.
1187 3599 1245 3646 reo.

317 3665 454 3724 insertum
472 3664 568 3728 lrabet.

113 3747 185 3823 Pag
193 3747 300 3820 351‚‚a
318 3749 420 3812 das
440 3755 507 3826 post
528 3750 689 3830 ξυγχωρεῖν
708 3770 739 3810 τε
760 3749 883 3808 inseras:
898 3748 963 3808 Par.
984 3748 1020 3812 A.
1041 3748 1097 3814 Du.
1119 3767 1187 3810 am.
1201 3766 1246 3827 pr.

237 3859 240 3868 ι
304 3832 384 3909 (ante
405 3831 540 3909 lituram.)

113 3893 300 3994 cananae,
317 3919 358 3979 17
378 3917 437 3980 ai.
458 3915 566 3976 addas.
588 3915 693 3999 try..
673 3918 707 3960 -2
729 3922 780 3982 ιιι..
799 3917 867 3979 Ροτ.
887 3915 921 3977 A.
941 3914 998 3978 Du.
