2992 4946
529 311 600 388 Peg.
619 309 813 378 att-4275.
1171 325 1173 334 ’
1192 309 1235 374 55

310 479 362 536 sed
390 477 427 537 ad
456 484 614 555 utrunque
635 479 695 537 sire
717 479 754 540 ad
777 477 1027 540 enuntiationem
1019 495 1110 556 apuam
1126 479 1234 556 imper

310 563 414 624 lectam
438 563 599 623 additurum
631 562 736 638 aliquid
767 562 855 620 luisse
882 565 1050 638 scriptorem
1079 564 1233 622 sentiamus

311 667 368 706 non
392 647 474 704 aliter
495 665 530 705 ac
552 648 576 704 si
600 647 826 706 coniunctionem
848 647 1061 724 praeposuisset
1081 653 1110 706 et
1131 637 1180 709 o're
1200 646 1234 708 ἐκ

312 726 387 802 Ande
415 725 512 791 ὕδατα
537 723 727 832 γιγνόμενά
730 729 791 794 ἐστι
815 731 986 835 scripsisset
1030 730 1136 793 Eadem
1159 732 1233 790 ratio

208 849 210 852 -
310 816 421 872 estloci
438 815 514 878 Tim.
530 833 561 892 p.
574 818 624 877 69.
642 815 683 870 C:
703 809 802 892 άσντερ
824 809 881 894 γάρ
904 837 961 876 uun
981 812 1033 876 xci
1055 809 1124 876 κατ’
1139 810 1234 895 άρχάς

309 897 355 961 ἑλέ
340 905 432 1002 χθη,
461 902 555 962 ταῦτα
583 893 716 970 α’τάκτως
725 896 894 1002 hippuros
875 923 891 960 ο
914 893 989 970 θεάς
1010 897 1043 960 ἐν
1065 896 1180 982 ἑκάστῳ
1202 923 1235 962 τε

309 976 394 1066 edroi
413 979 490 1062 πρὸς
512 975 584 1046 uiro
578 978 651 1044 aui
673 1006 748 1064 προς
770 979 892 1090 άλληλα
902 977 1081 1088 συμμετρίας
1095 961 1234 1062 &nemein-

310 1086 376 1142 cev,
406 1063 478 1140 ὅστις
504 1090 536 1130 τε
561 1065 612 1130 καὶ
633 1061 694 1144 ὅττη
717 1059 892 1132 δυνατόν
868 1091 910 1146 ην
932 1063 1065 1147 άνάλογα
1083 1068 1135 1132 καὶ
1157 1063 1233 1146 σάμ·

309 1175 400 1232 perpe
421 1147 509 1214 εἶναι
552 1152 593 1210 lbi
611 1149 767 1212 Lindortus
790 1153 904 1228 quidem
924 1159 1001 1213 certe
1022 1152 1126 1212 fallitur
1145 1153 1233 1211 verba

309 1240 402 1299 ταῦτα
431 1229 567 1308 άτάκτας
590 1235 694 1314 ἔχοντα
720 1237 863 1310 iungenda
889 1255 953 1296 esse
978 1235 1073 1294 uerbis
1099 1230 1234 1316 άνάλογκ

309 1321 361 1382 καὶ
376 1314 528 1399 σύμμετρα
548 1315 625 1382 εἶναι
642 1321 817 1394 existimans,
833 1320 1042 1395 Engelhardtne
1056 1339 1137 1395 vero,
1152 1328 1235 1398 post-

309 1425 394 1483 quam
409 1425 487 1482 spec
502 1409 524 1468 l.
531 1426 569 1483 p
587 1405 636 1468 20
658 1406 846 1465 nominativos
868 1404 1017 1466 absolutos
1039 1423 1102 1462 esse
1124 1406 1232 1478 docuit,

307 1509 387 1569 spec.
417 1489 464 1551 lll.
490 1511 521 1567 p.
545 1487 594 1550 14.
617 1491 793 1548 accusativos
823 1507 888 1548 esse
911 1489 1037 1548 declaret
1061 1509 1123 1546 cum
1145 1489 1231 1546 verbo

308 1577 449 1634 actionem
474 1573 521 1634 dci
541 1573 735 1648 significatam
762 1575 994 1648 coniungendos,
1015 1592 1070 1650 pro
1089 1593 1145 1650 qno
1166 1573 1233 1630 bre-

305 1659 400 1716 vitatis
423 1659 520 1718 ntndio
540 1659 664 1735 scriptor
685 1657 763 1718 alind
784 1658 906 1716 inferens
929 1657 1085 1717 orationem
1100 1657 1232 1715 anacolu-

307 1742 376 1802 thon
403 1742 523 1803 fecerit..
563 1741 608 1800 An
636 1743 678 1802 ita
703 1742 844 1800 sentiebat
869 1743 911 1800 vir
938 1741 1134 1816 doctissimus,
1162 1742 1233 1798 scri·

306 1833 419 1903 ptorem
443 1827 620 1884 accusativos
639 1844 703 1884 esse
722 1826 857 1898 voluisse,-
878 1826 1036 1886 orationem
1050 1832 1142 1883 autem
1163 1843 1232 1881 ana-

309 1907 441 1968 coluthon
471 1909 534 1966 heri
566 1927 600 1965 eo
633 1906 743 1966 lucilius
773 1925 890 1983 passum
924 1927 1004 1981 esse,
1037 1911 1115 1984 quod
1147 1909 1232 1968 etiam

307 1993 472 2052 nominativi
491 1991 616 2050 absoluti
638 1991 728 2050 rideri
749 1988 894 2067 possenti
934 1993 994 2050 Sed
1019 1993 1042 2050 si
1069 1993 1233 2052 nominativi

267 2083 268 2086 ’
306 2076 429 2136 absoluti
446 2076 475 2132 in
495 2094 547 2132 usu
569 2080 669 2149 erant,
701 2093 749 2132 cnr
779 2075 872 2134 lector
902 2075 939 2132 de
965 2075 1020 2134 aiio
1048 2076 1142 2152 potius
1165 2094 1232 2133 casu

305 2179 399 2236 eoque
419 2157 626 2220 anocnluthiaru
646 2159 787 2218 efficiente
805 2157 967 2234 cogitaret?
1007 2157 1082 2217 Nam
1104 2161 1233 2218 nomine-

307 2246 356 2304 tivi
379 2244 492 2319 quidem
511 2241 566 2316 iili,
593 2261 778 2319 quaecunque
796 2244 877 2318 origo
903 2253 931 2305 et
951 2244 1042 2320 prima
1061 2244 1232 2318 significatio

307 2346 405 2384 eorum
423 2327 484 2400 init,
504 2333 582 2384 certe
594 2327 782 2385 anacoluthon
804 2345 861 2386 non
873 2329 964 2403 magis
979 2327 1131 2402 faciebant,
1146 2346 1232 2403 quiam

306 2410 438 2486 genitivi,
457 2411 514 2486 qui¹
526 2410 648 2470 absoluti
669 2417 815 2470 uocantur.

285 2495 324 2556 13
343 2495 447 2552 addas:
464 2494 538 2554 Nam
556 2496 629 2552 inter
648 2490 683 2556 cai
699 2495 813 2574 μίασμα
833 2499 862 2554 et
879 2490 1098 2573 περιεληλαθάς
1114 2495 1231 2552 interie-

305 2584 368 2636 ctae
389 2576 430 2652 σάς
448 2579 600 2656 particulae
617 2579 658 2636 uis
680 2599 712 2637 ea
736 2587 797 2650 est,
818 2586 848 2638 ut
868 2580 1062 2655 praedicatum
1084 2599 1141 2637 non
1162 2597 1232 2637 con-

305 2664 389 2722 tineri
414 2663 583 2740 participio,
614 2663 666 2722 sed
691 2664 719 2721 in
743 2664 926 2736 sequentibus
952 2664 1146 2738 quaerendum
1167 2681 1232 2720 esse

306 2749 450 2817 rideatur;
473 2766 545 2823 qnae
566 2766 630 2804 cum
646 2748 784 2804 eiusmodi
803 2745 870 2804 nihil
887 2747 1047 2822 exhibeant,
1064 2742 1099 2808 τά
1118 2747 1234 2823 μίασμα

304 2833 493 2890 nominativus
514 2832 622 2907 pariter
648 2836 734 2906 atque
765 2849 889 2906 nequens
920 2831 1062 2908 participii
1090 2837 1232 2906 tamqnam

304 2915 376 2972 aiter
398 2915 517 2972 subiecti
539 2915 728 2972 nominativus
755 2915 859 2974 nuttam
884 2915 1114 2990 consequentiam
1138 2914 1232 2973 habet.

305 2997 402 3058 Nihilo
422 3002 516 3056 tamen
537 3000 629 3056 minus
651 3005 770 3069 uterque
793 3017 850 3056 nun
870 2998 1064 3070 accusativus,
1086 3003 1116 3052 nt
1135 2999 1232 3054 hstias

307 3081 435 3158 putabat,
459 3080 504 3138 cui
522 3087 551 3137 et
573 3074 615 3152 άς
630 3080 785 3157 particulae
801 3087 830 3138 et
845 3081 931 3139 totius
950 3080 1068 3138 membri
1084 3079 1232 3136 collocatio

306 3165 484 3240 adversatur,
505 3165 558 3226 sed
576 3165 764 3224 nominativus
784 3170 814 3223 et
835 3171 901 3241 pust
922 3160 1141 3241 περιεληλυθός
1159 3164 1232 3221 alte-

306 3269 368 3307 rum
383 3249 573 3328 participium,
593 3249 671 3325 quod
692 3250 886 3326 praedicatum
907 3251 1076 3322 contineret,
1093 3242 1233 3328 γιγνόμε-

308 3355 364 3394 νον
392 3333 437 3392 vel
464 3329 665 3412 connaissance,
696 3333 844 3392 brevitatis
864 3332 909 3393 vel
930 3333 1127 3390 concinnitatis
1148 3349 1234 3388 causa

306 3417 441 3474 omissum
463 3417 583 3476 videtur.
626 3416 701 3476 Alibi
721 3417 847 3476 additum
868 3423 912 3474 eat
937 3417 1074 3488 alterum,
1107 3423 1136 3473 ut
1158 3416 1233 3488 eips-

307 3501 373 3558 dem
392 3501 456 3558 libri
478 3500 608 3576 initiop.
626 3501 700 3562 853.
718 3501 758 3559 Α.
778 3494 854 3560 καθ’
871 3497 948 3562 ἳν”
930 3517 1054 3564 sanatos
1075 3495 1233 3604 λεγόμενον
1350 3567 1353 3584 ¹

307 3580 456 3690 ρηθὲν,“
434 3607 474 3661 ην
490 3585 540 3646 δεῖ
555 3577 774 3662 λαμβάνειν
735 3607 810 3646 curo
804 3580 1041 3662 septuplam-
1059 3605 1112 3659 μετ
1117 3575 1231 3644 ’ἐκεῖν’

306 3663 384 3730 αντά
405 3668 476 3766 ἒξης
489 3673 583 3730 ταῦτα
604 3666 720 3745 dorion.
743 3669 845 3744 quihus
863 3669 957 3730 verbis
978 3691 1014 3729 τα
1008 3665 1197 3748 ἱ’μέγιστα
1174 3687 1233 3726 sm·

305 3753 449 3828 galatim
442 3773 471 3812 an
494 3753 714 3831 disputationem
734 3754 861 3812 vocanda
883 3759 912 3809 et
926 3773 989 3812 canu
1009 3753 1234 3810 demonstratum

305 3837 399 3910 inerit,
421 3855 477 3912 qua
497 3855 590 3913 poena
610 3837 667 3892 sint
687 3835 849 3913 afficienda,
871 3843 939 3914 poet
956 3835 1003 3896 illa
1023 3837 1060 3894 de
1079 3836 1233 3894 minoribus

303 3921 391 3980 verba
406 3921 537 3978 facienda
550 3921 754 3995 significentur.

287 4005 306 4064 9
329 4024 346 4062 a
367 4005 388 4064 l.
408 4009 476 4081 post
497 4003 612 4081 οἱπερὶ
630 4006 753 4062 inseras:
782 4001 848 4065 Par.
870 4001 905 4066 Α.
928 4001 983 4066 Dii.

96 4087 287 4167 Peg-aton,
305 4089 379 4146 iuter
397 4107 428 4230 p.
450 4089 517 4230 {et
537 4090 558 4148 9
578 4089 703 4148 inseras:
723 4091 894 4166 σκοποῖμεν)
914 4090 1077 4166 σκοποῖμεν
1095 4103 1112 4143 a
1132 4103 1169 4142 m·
1189 4103 1233 4162 pr·

308 4173 374 4232 Par.
423 4219 431 4233 .
474 4174 511 4242 ji.

309 4257 471 4318 enaddan
499 4255 579 4314 euius
599 4253 687 4328 verbs
714 4255 818 4314 rectius
847 4255 955 4336 scripte
979 4252 1092 4314 exhibet
1115 4251 1233 4310 nenne-

327 4358 375 4400 rus
396 4341 506 4402 Comen·
527 4339 590 4402 crit.
612 4337 640 4402 T
642 4379 651 4400 .
667 4336 704 4402 il.
723 4359 753 4418 p.
769 4335 844 4402 8l4.
